<?xml version="1.0" encoding="UTF-8"?><collection xmlns="http://www.loc.gov/MARC21/slim"><record><leader>00505nam--2200157-i-4500</leader><controlfield tag="001">000010498</controlfield><controlfield tag="002">20161230</controlfield><controlfield tag="005">20170304202925</controlfield><controlfield tag="008">060222s1000------------r-----000-0-eng-d</controlfield><datafield ind1=" " ind2=" " tag="100"><subfield code="a">Costake, Nicolae N</subfield></datafield><datafield ind1=" " ind2=" " tag="245"><subfield code="a">Fortran Vol. I: Notiuni generale de programare. Structura programelor Fortran. Practica programarii Fortran</subfield></datafield><datafield ind1=" " ind2=" " tag="260"><subfield code="a">Bucuresti</subfield><subfield code="b">Ed.Tehnica</subfield><subfield code="c">1971</subfield></datafield><datafield ind1=" " ind2=" " tag="300"><subfield code="a">159 p</subfield></datafield><datafield ind1=" " ind2=" " tag="490"><subfield code="a">Colectia Automatica 28. Ciclul Calculatoare Moderne</subfield></datafield><datafield ind1=" " ind2=" " tag="852"><subfield code="a">681.3.06</subfield></datafield><datafield ind1=" " ind2=" " tag="CAT"><subfield code="a">SYS</subfield><subfield code="c">20170304</subfield><subfield code="h">202925</subfield></datafield></record></collection>